@misc{desicollaboration2025desidr2resultsii,
  title = {DESI DR2 Results II: Measurements of Baryon Acoustic Oscillations and
           Cosmological Constraints},
  author = {DESI Collaboration and M. Abdul-Karim and J. Aguilar and S. Ahlen
            and S. Alam and L. Allen and C. Allende Prieto and O. Alves and A.
            Anand and U. Andrade and E. Armengaud and A. Aviles and S. Bailey and
            C. Baltay and P. Bansal and A. Bault and J. Behera and S. BenZvi and
            D. Bianchi and C. Blake and S. Brieden and A. Brodzeller and D.
            Brooks and E. Buckley-Geer and E. Burtin and R. Calderon and R.
            Canning and A. Carnero Rosell and P. Carrilho and L. Casas and F. J.
            Castander and R. Cereskaite and M. Charles and E. Chaussidon and J.
            Chaves-Montero and D. Chebat and X. Chen and T. Claybaugh and S. Cole
            and A. P. Cooper and A. Cuceu and K. S. Dawson and A. de la Macorra
            and A. de Mattia and N. Deiosso and J. Della Costa and R. Demina and
            A. Dey and B. Dey and Z. Ding and P. Doel and J. Edelstein and D. J.
            Eisenstein and W. Elbers and P. Fagrelius and K. Fanning and E.
            Fernández-García and S. Ferraro and A. Font-Ribera and J. E.
            Forero-Romero and C. S. Frenk and C. Garcia-Quintero and L. H.
            Garrison and E. Gaztañaga and H. Gil-Marín and S. Gontcho A Gontcho
            and D. Gonzalez and A. X. Gonzalez-Morales and C. Gordon and D. Green
            and G. Gutierrez and J. Guy and B. Hadzhiyska and C. Hahn and S. He
            and M. Herbold and H. K. Herrera-Alcantar and M. Ho and K. Honscheid
            and C. Howlett and D. Huterer and M. Ishak and S. Juneau and N. V.
            Kamble and N. G. Karaçaylı and R. Kehoe and S. Kent and A. G. Kim and
            D. Kirkby and T. Kisner and S. E. Koposov and A. Kremin and A.
            Krolewski and O. Lahav and C. Lamman and M. Landriau and D. Lang and
            J. Lasker and J. M. Le Goff and L. Le Guillou and A. Leauthaud and M.
            E. Levi and Q. Li and T. S. Li and K. Lodha and M. Lokken and F.
            Lozano-Rodríguez and C. Magneville and M. Manera and P. Martini and
            W. L. Matthewson and A. Meisner and J. Mena-Fernández and A. Menegas
            and T. Mergulhão and R. Miquel and J. Moustakas and A.
            Muñoz-Gutiérrez and D. Muñoz-Santos and A. D. Myers and S. Nadathur
            and K. Naidoo and L. Napolitano and J. A. Newman and G. Niz and H. E.
            Noriega and E. Paillas and N. Palanque-Delabrouille and J. Pan and J.
            Peacock and Marcos Pellejero Ibanez and W. J. Percival and A.
            Pérez-Fernández and I. Pérez-Ràfols and M. M. Pieri and C. Poppett
            and F. Prada and D. Rabinowitz and A. Raichoor and C. Ramírez-Pérez
            and M. Rashkovetskyi and C. Ravoux and J. Rich and A. Rocher and C.
            Rockosi and J. Rohlf and J. O. Román-Herrera and A. J. Ross and G.
            Rossi and R. Ruggeri and V. Ruhlmann-Kleider and L. Samushia and E.
            Sanchez and N. Sanders and D. Schlegel and M. Schubnell and H. Seo
            and A. Shafieloo and R. Sharples and J. Silber and F. Sinigaglia and
            D. Sprayberry and T. Tan and G. Tarlé and P. Taylor and W. Turner and
            L. A. Ureña-López and R. Vaisakh and F. Valdes and G. Valogiannis and
            M. Vargas-Magaña and L. Verde and M. Walther and B. A. Weaver and D.
            H. Weinberg and M. White and M. Wolfson and C. Yèche and J. Yu and E.
            A. Zaborowski and P. Zarrouk and Z. Zhai and H. Zhang and C. Zhao and
            G. B. Zhao and R. Zhou and H. Zou},
  year = {2025},
  eprint = {2503.14738},
  archivePrefix = {arXiv},
  primaryClass = {astro-ph.CO},
  url = {https://arxiv.org/abs/2503.14738},
}

@article{Lewis:1999bs,
      author         = "Lewis, Antony and Challinor, Anthony and Lasenby,
                        Anthony",
      title          = "{Efficient computation of CMB anisotropies in closed FRW
                        models}",
      journal        = "Astrophys. J.",
      volume         = "538",
      year           = "2000",
      pages          = "473-476",
      doi            = "10.1086/309179",
      eprint         = "astro-ph/9911177",
      archivePrefix  = "arXiv",
      primaryClass   = "astro-ph",
      SLACcitation   = "%%CITATION = ASTRO-PH/9911177;%%",
      url            = {https://arxiv.org/abs/astro-ph/9911177}
}

@article{Lewis_2000,
   title={Efficient Computation of Cosmic Microwave Background Anisotropies in Closed Friedmann‐Robertson‐Walker Models},
   volume={538},
   ISSN={1538-4357},
   url={http://dx.doi.org/10.1086/309179},
   DOI={10.1086/309179},
   number={2},
   journal={The Astrophysical Journal},
   publisher={American Astronomical Society},
   author={Lewis, Antony and Challinor, Anthony and Lasenby, Anthony},
   year={2000},
   month=aug, pages={473–476} }

@article{Torrado_2021,
   title={Cobaya: code for Bayesian analysis of hierarchical physical models},
   volume={2021},
   ISSN={1475-7516},
   url={http://dx.doi.org/10.1088/1475-7516/2021/05/057},
   DOI={10.1088/1475-7516/2021/05/057},
   number={05},
   journal={Journal of Cosmology and Astroparticle Physics},
   publisher={IOP Publishing},
   author={Torrado, Jesús and Lewis, Antony},
   year={2021},
   month=may, pages={057} }
